% This file was created with JabRef 2.6.
% Encoding: MacRoman

@BOOK{Adams90,
  title = {The Hitchhiker's Guide to the Galaxy},
  publisher = {Del Rey},
  year = {1979},
  author = {Douglas Adams},
  owner = {pluto},
  timestamp = {2013.07.08}
}

@ELECTRONIC{Fear05,
  author = {Simon Fear},
  year = {2005},
  title = {Publication quality tables in LaTeX},
  url = {http://mirror.informatik.uni-mannheim.de/pub/mirrors/tex-archive/macros/latex/contrib/booktabs/booktabs.pdf},
  owner = {pluto},
  timestamp = {2013.07.16}
}

@INPROCEEDINGS{Yee99,
  author = {M. S. Yee and L. Hanzo},
  title = {Radial Basis Function Decision Feedback Equaliser Assisted Burst-by-burst
	Adaptive Modulation},
  booktitle = {Proc. {IEEE} Globecom '99},
  year = {1999},
  pages = {2183-2187},
  address = {Rio de Janeiro, Brazil},
  month = dec # { 5--9,},
  owner = {pluto},
  timestamp = {2013.07.16}
}

@ARTICLE{Zhang99,
  author = {S. Zhang and C. Zhu and J. K. O. Sin and P. K. T. Mok},
  title = {A Novel Ultrathin Elevated Channel Low-temperature Poly-{Si} {TFT}},
  journal = IEEE_J_EDL,
  year = {1999},
  volume = {20},
  pages = {569-571},
  month = nov,
  owner = {pluto},
  timestamp = {2013.07.16}
}

